@article{fexpn024,
title = {Periodic wave solutions to a coupled KdV equations with variable coefficients},
journal = {Physics Letters A},
volume = {308},
number = {1},
pages = {31-36},
year = {2003},
doi = {10.1016/S0375-9601(02)01775-9},
url = {https://www.sciencedirect.com/science/article/pii/S0375960102017759},
author = {Yubin Zhou and Mingliang Wang and Yueming Wang}
}

@article{fexpn024_1,
author = {Bhrawy, A. and Abdelkawy, M. and Kumar, Dr. Sunil and Biswas, A.},
year = {2013},
number = {7-8},
pages = {729-748},
volume = {58},
title = {Solitons and other solutions to Kadomtsev-Petviashvili equation of B-type},
journal = {Romanian Journal of Physics}
}

@article{fexpn123,
author = {He, Yinghui},
year = {2013},
month = {07},
pages = {},
title = {New Jacobi Elliptic Function Solutions for the Kudryashov-Sinelshchikov Equation Using Improved F-Expansion Method},
volume = {2013},
journal = {Mathematical Problems in Engineering},
doi = {10.1155/2013/104894}
}

@article{0246,
author = {Huang, Ding-jiang and Li, De-sheng and Zhang, Hong-qing},
year = {2007},
month = {02},
pages = {586-593},
title = {Explicit and exact traveling solutions for the generalized derivative Schrödinger equation},
volume = {31},
journal = {Chaos, Solitons & Fractals},
doi = {10.1016/j.chaos.2005.10.007}
}

@article{234,
author = {Na, Sirendaoreji},
year = {2004},
pages = {147-150},
title = {New exact travelling wave solutions for the Kawahara and Modified Kawahara equations},
volume = {19},
journal = {Chaos, Solitons & Fractals},
doi = {10.1016/S0960-0779(03)00102-4}
}

@article{modfexpn,
author = {Cai, Guoliang and Wang, Qingchao and Huang, Juanjuan},
year = {2006},
pages = {122-128},
title = {A modified F-expansion method for solving breaking soliton equation},
volume = {2},
journal = {International Journal of Nonlinear Science}
}

@article{fim0,
author = {Feng, Zhaosheng},
year = {2002},
month = {01},
pages = {57-66},
title = {On explicit exact solutions to the compound Burgers-KdV Equation},
volume = {293},
journal = {Physics Letters A},
doi = {10.1016/S0375-9601(01)00825-8}
}

@article{mirza,
author = {Mirzazadeh, M. and Eslami, Mahdi},
year = {2012},
pages = {},
title = {Exact solutions of the Kudryashov-Sinelshchikov equation and nonlinear telegraph equation via the first integral method},
volume = {4},
journal = {Nonlinear Analysis. Modelling and Control},
doi = {10.15388/NA.17.4.14052}
}

@article{complexTwt1,
title = {New exact solutions to the perturbed nonlinear Schrödinger’s equation with Kerr law nonlinearity},
journal = {Applied Mathematics and Computation},
volume = {216},
number = {10},
pages = {3064-3072},
year = {2010},
doi = {10.1016/j.amc.2010.04.026},
url = {https://www.sciencedirect.com/science/article/pii/S0096300310004467},
author = {Zai-yun Zhang and Zhen-hai Liu and Xiu-jin Miao and Yue-zhong Chen}
}

@article{ginac,
title = {Introduction to the GiNaC Framework for Symbolic Computation within the C++ Programming Language},
journal = {Journal of Symbolic Computation},
volume = {33},
number = {1},
pages = {1-12},
year = {2002},
doi = {10.1006/jsco.2001.0494},
url = {https://www.sciencedirect.com/science/article/pii/S0747717101904948},
author = {Christian Bauer and Alexander Frink and Richard Kreckel}
}

@article{complexTwt,
title = {Exact solutions of the nonlinear Schrödinger equation by the first integral method},
journal = {Journal of Mathematical Analysis and Applications},
volume = {374},
number = {2},
pages = {549-553},
year = {2011},
doi = {10.1016/j.jmaa.2010.08.050},
url = {https://www.sciencedirect.com/science/article/pii/S0022247X10007031},
author = {N. Taghizadeh and M. Mirzazadeh and F. Farahrooz}
}

@article{atfm,
title = {An automated tanh-function method for finding solitary wave solutions to non-linear evolution equations},
journal = {Computer Physics Communications},
volume = {98},
number = {3},
pages = {288-300},
year = {1996},
doi = {10.1016/0010-4655(96)00104-X},
url = {https://www.sciencedirect.com/science/article/pii/001046559600104X},
author = {E.J. Parkes and B.R. Duffy}
}

@article{rath,
title = {RATH: A Maple package for finding travelling solitary wave solutions to nonlinear evolution equations},
journal = {Computer Physics Communications},
volume = {148},
number = {2},
pages = {256-266},
year = {2002},
doi = {10.1016/S0010-4655(02)00559-3},
url = {https://www.sciencedirect.com/science/article/pii/S0010465502005593},
author = {Zhi-bin Li and Yin-ping Liu}
}

@article{pdespclpkg1,
title = {Symbolic computation of exact solutions expressible in hyperbolic and elliptic functions for nonlinear PDEs},
journal = {Journal of Symbolic Computation},
volume = {37},
number = {6},
pages = {669-705},
year = {2004},
doi = {10.1016/j.jsc.2003.09.004},
url = {https://www.sciencedirect.com/science/article/pii/S0747717104000082},
author = {D. Baldwin and Ü. Göktaş and W. Hereman and L. Hong and R.S. Martino and J.C. Miller}
}

@article{raeem,
author = {Lin, Zhi-Bin and Liu, Yin-Ping},
year = {2004},
month = {11},
pages = {191-201},
title = {RAEEM: A Maple package for finding a series of exact traveling wave solutions for nonlinear evolution equations},
volume = {163},
journal = {Computer Physics Communications},
doi = {10.1016/j.cpc.2004.08.007}
}

